
@article{genesereth2005general,
  title={General game playing: Overview of the AAAI competition},
  author={Genesereth, Michael and Love, Nathaniel and Pell, Barney},
  journal={AI magazine},
  volume={26},
  number={2},
  pages={62},
  year={2005}
}

@article{spronck2006adaptive,
  title={Adaptive game AI with dynamic scripting},
  author={Spronck, Pieter and Ponsen, Marc and Sprinkhuizen-Kuyper, Ida and Postma, Eric},
  journal={Machine Learning},
  volume={63},
  number={3},
  pages={217--248},
  year={2006},
  publisher={Springer}
}

@inproceedings{chaslot2008monte,
  title={Monte-Carlo Tree Search: A New Framework for Game AI.},
  author={Chaslot, Guillaume and Bakkes, Sander and Szita, Istvan and Spronck, Pieter},
  booktitle={AIIDE},
  year={2008}
}

@phdthesis{ponsen2004improving,
  title={Improving adaptive game AI with evolutionary learning},
  author={Ponsen, Marc},
  year={2004},
  school={Citeseer}
}

@article{bowling2002multiagent,
  title={Multiagent learning using a variable learning rate},
  author={Bowling, Michael and Veloso, Manuela},
  journal={Artificial Intelligence},
  volume={136},
  number={2},
  pages={215--250},
  year={2002},
  publisher={Elsevier}
}

@article{mnih2013playing,
  title={Playing atari with deep reinforcement learning},
  author={Mnih, Volodymyr and Kavukcuoglu, Koray and Silver, David and Graves, Alex and Antonoglou, Ioannis and Wierstra, Daan and Riedmiller, Martin},
  journal={arXiv preprint arXiv:1312.5602},
  year={2013}
}

@ARTICLE{bellemare13arcade,
  author = {{Bellemare}, M.~G. and {Naddaf}, Y. and {Veness}, J. and {Bowling}, M.},
  title = {The Arcade Learning Environment: An Evaluation Platform for General Agents},
  journal = {Journal of Artificial Intelligence Research},
  year = 2013,
  month = 06,
  volume = 47,
  pages = {253--279}
}

@misc{tasfi2016PLE,
  author = {Tasfi, Norman},
  title = {PyGame Learning Environment},
  year = {2016},
  publisher = {GitHub},
  journal = {GitHub repository},
  howpublished = {\url{https://github.com/ntasfi/PyGame-Learning-Environment}}
}






@article{kober2013survey,
  title={Reinforcement learning in robotics: A survey},
  author={Kober, Jens and Bagnell, J. Andrew  and Peters, Jan},
  journal={The International Journal of Robotics Research},
  year={2013}
}

@article{abbeel2007helicopter,
  title={Reinforcement learning in robotics: A survey},
  author={Abbeel, Pieter and Coates, Adam and Quigley, Morgan and Ng., Andrew Y.
},
  journal={Advances in neural information processing systems},
  year={2007}
}

@article{chen2014door,
  title={Door recognition and deep learning algorithm for visual based robot navigation},
  author={Chen, Wei and Qu, Ting and Zhou, Yimin and Weng, Kaijian and Wang, Gang and Fu, Guoqiang},
  journal={Robotics and Biomimetics},
  pages={1793--1798},
  year={2014}
}

@article{manteghi2015maze,
  title={Multitask Reinforcement Learning in Nondeterministic Environments: Maze Problem Case},
  author={Manteghi, Sajad and Parvin, Hamid and Heidarzadegan, Ali and Nemati, Yasser},
  journal={Pattern Recognition},
  pages={64--73},
  year={2015},
  publisher={Springer}
}

@article{olsen2015co,
  title={Co-evolution in predator prey through reinforcement learning},
  author={Olsen, Megan M. and Fraczkowski, Rachel},
  journal={Journal of Computational Science},
  pages={118--124},
  year={2015}
}

@article{gu02015monte,
  title={Deep learning for real-time Atari game play using offline Monte-Carlo tree search planning},
  author={Guo, Xiaoxiao and Singh, Satinder and Lee, Honglak and L. Lewis, Richard and Wang, Xiaoshi},
  journal={Advances in Neural Information Processing Systems},
  pages={3338--3346},
  year={2014}
}









